@article{abel:2008,
  author =       {Andreas Abel},
  title =        {Polarised subtyping for sized types},
  journal =      {Mathematical Structures in Computer Science},
  volume =       18,
  number =       5,
  pages =        {797--822},
  year =         2008,
  url =          {https://doi.org/10.1017/S0960129508006853},
  doi =          {10.1017/S0960129508006853},
  timestamp =    {Sun, 28 May 2017 13:25:37 +0200},
  biburl =       {http://dblp.uni-trier.de/rec/bib/journals/mscs/Abel08},
  bibsource =    {dblp computer science bibliography, http://dblp.org}
}

@article{abel:2012,
  title =        {{On Irrelevance and Algorithmic Equality in Predicative Type Theory}},
  author =       {Abel, Andreas and Scherer, Gabriel},
  year =         2012,
  doi =          {10.2168/LMCS-8(1:29)2012},
  journal =      {{Logical Methods in Computer Science}},
  volume =       8,
  number =       1
}

@article{abel:2017,
  author =       {Abel, Andreas and Vezzosi, Andrea and Winterhalter, Theo},
  title =        {Normalization by Evaluation for Sized Dependent Types},
  journal =      {Proc. ACM Program. Lang.},
  volume =       1,
  issue =        {ICFP},
  year =         2017,
  pages =        {33:1--33:30},
  url =          {http://doi.acm.org/10.1145/3110277},
  doi =          {10.1145/3110277},
  acmid =        3110277,
  publisher =    {ACM},
  address =      {New York, NY, USA},
}

@PhDThesis{abel:phd,
  author =       {Andreas Abel},
  title =        {A Polymorphic Lambda-Calculus with Sized Higher-Order Types},
  school =       {Ludwig-Maximilians-Universit\"at M\"unchen},
  year =         2006
}

@misc{agda-flat,
  author =       {{Vezzosi, Andrea}},
  url =          {https://github.com/agda/agda/tree/flat},
  year =         2018,
  title =        {\texttt{agda-flat}},
}

@phdthesis{allen:1987,
  author =       {Allen, Stuart Frazier},
  school =       {Cornell University},
  location =     {Ithaca, NY, USA},
  publisher =    {Cornell University},
  year =         1987,
  title =        {A non-type-theoretic semantics for type-theoretic language},
}

@inproceedings{altenkirch:2001,
  author =       {Altenkirch, T. and Dybjer, P. and Hofmann, M. and Scott, P.},
  location =     {Washington, DC, USA},
  publisher =    {IEEE Computer Society},
  url =          {http://dl.acm.org/citation.cfm?id=871816.871869},
  booktitle =    {{Proceedings of the 16th Annual IEEE Symposium on Logic in Computer Science}},
  year =         2001,
  pages =        {303--},
  series =       {LICS '01},
  title =        {Normalization by Evaluation for Typed Lambda Calculus with Coproducts},
}

@inproceedings{altenkirch:2016,
  address =      {Dagstuhl, Germany},
  series =       {Leibniz {International} {Proceedings} in {Informatics} ({LIPIcs})},
  title =        {Normalisation by {Evaluation} for {Dependent} {Types}},
  volume =       52,
  isbn =         {978-3-95977-010-1},
  url =          {http://drops.dagstuhl.de/opus/volltexte/2016/5972},
  doi =          {10.4230/LIPIcs.FSCD.2016.6},
  booktitle =    {1st {International} {Conference} on {Formal} {Structures} for {Computation} and
                  {Deduction} ({FSCD} 2016)},
  publisher =    {Schloss Dagstuhl–Leibniz-Zentrum fuer Informatik},
  author =       {Altenkirch, Thorsten and Kaposi, Ambrus},
  editor =       {Kesner, Delia and Pientka, Brigitte},
  year =         2016,
  pages =        {6:1--6:16},
}

@article{andreoli:1992,
  author =       {Andreoli, Jean-Marc},
  title =        "{Logic Programming with Focusing Proofs in Linear Logic}",
  journal =      {Journal of Logic and Computation},
  volume =       2,
  number =       3,
  pages =        {297-347},
  year =         1992,
  month =        06,
  issn =         {0955-792X},
  doi =          {10.1093/logcom/2.3.297},
}

@online{anel:2019,
  author = {Anel, Mathieu and Joyal, Andr\'{e}},
  url = {http://mathieu.anel.free.fr/mat/doc/Anel-Joyal-Topo-logie.pdf},
  date = {2019-03},
  note = {Preprint},
  title = {Topo-logie},
}

@inproceedings{angiuli:2018,
  address =      {Dagstuhl, Germany},
  series =       {Leibniz {International} {Proceedings} in {Informatics} ({LIPIcs})},
  title =        {Cartesian {Cubical} {Computational} {Type} {Theory}: {Constructive} {Reasoning}
                  with {Paths} and {Equalities}},
  volume =       119,
  isbn =         {978-3-95977-088-0},
  url =          {http://drops.dagstuhl.de/opus/volltexte/2018/9673},
  doi =          {10.4230/LIPIcs.CSL.2018.6},
  booktitle =    {27th {EACSL} {Annual} {Conference} on {Computer} {Science} {Logic} ({CSL} 2018)},
  publisher =    {Schloss Dagstuhl–Leibniz-Zentrum fuer Informatik},
  author =       {Angiuli, Carlo and Hou (Favonia), Kuen-Bang and Harper, Robert},
  editor =       {Ghica, Dan and Jung, Achim},
  year =         2018,
  pages =        {6:1--6:17},
}

@Unpublished{angiuli:2019,
  author =       {Angiuli, Carlo and Brunerie, Guillaume and Coquand, Thiery and {Hou (Favonia)},
                  Kuen-Bang and Harper, Robert and Licata, Daniel R.},
  title =        {Syntax and Models of Cartesian Cubical Type Theory},
  note =         {Available at
                  \url{https://github.com/dlicata335/cart-cube/blob/master/cart-cube.pdf}},
  year =         2019,
}

@inproceedings{atkey:2012,
  author =       {Robert Atkey},
  title =        {Relational Parametricity for Higher Kinds},
  booktitle =    {Computer Science Logic (CSL'12) - 26th International Workshop/21st Annual
                  Conference of the EACSL, {CSL} 2012, September 3-6, 2012, Fontainebleau, France},
  pages =        {46--61},
  year =         2012,
  url =          {https://doi.org/10.4230/LIPIcs.CSL.2012.46},
  doi =          {10.4230/LIPIcs.CSL.2012.46},
  timestamp =    {Thu, 23 Aug 2018 15:56:04 +0200},
  biburl =       {https://dblp.org/rec/bib/conf/csl/Atkey12},
  bibsource =    {dblp computer science bibliography, https://dblp.org}
}

@inproceedings{atkey:2013,
  series =       {{ICFP} ’13},
  title =        {Productive {Coprogramming} with {Guarded} {Recursion}},
  url =          {https://doi.org/10.1145/2500365.2500597},
  doi =          {10.1145/2500365.2500597},
  booktitle =    {Proceedings of the 18th {ACM} {SIGPLAN} {International} {Conference} on
                  {Functional} {Programming}},
  publisher =    {Association for Computing Machinery},
  author =       {Atkey, Robert and McBride, Conor},
  year =         2013,
  pages =        {197--208},
}

@inproceedings{atkey:2014,
  author =       {Robert Atkey and Neil Ghani and Patricia Johann},
  title =        {A relationally parametric model of dependent type theory},
  booktitle =    {The 41st Annual {ACM} {SIGPLAN-SIGACT} Symposium on Principles of Programming
                  Languages, {POPL} '14, San Diego, CA, USA, January 20-21, 2014},
  pages =        {503--516},
  year =         2014,
  url =          {https://doi.org/10.1145/2535838.2535852},
  doi =          {10.1145/2535838.2535852},
  timestamp =    {Tue, 06 Nov 2018 11:07:43 +0100},
  biburl =       {https://dblp.org/rec/bib/conf/popl/AtkeyGJ14},
  bibsource =    {dblp computer science bibliography, https://dblp.org}
}

@article{awodey:2018,
  title =        {Natural models of homotopy type theory},
  volume =       28,
  issn =         09601295,
  doi =          {10.1017/S0960129516000268},
  number =       2,
  journal =      {Mathematical Structures in Computer Science},
  author =       {Awodey, Steve},
  year =         2018,
  eprint =       {1406.3219},
  pages =        {241--286},
}

@inproceedings{bahr:2017,
  title =        {The clocks are ticking: {No} more delays!},
  url =          {http://www.itu.dk/people/mogel/papers/lics2017.pdf},
  doi =          {10.1109/LICS.2017.8005097},
  booktitle =    {2017 32nd {Annual} {ACM}/{IEEE} {Symposium} on {Logic} in {Computer} {Science}
                  ({LICS})},
  publisher =    {IEEE},
  author =       {Bahr, Patrick and Grathwohl, Hans Bugge and Møgelberg, Rasmus Ejlers},
  year =         2017
}

@article{bahr:2019,
  author =       {Bahr, Patrick and Graulund, Christian Uldal and M\o{}gelberg, Rasmus Ejlers},
  title =        {Simply RaTT: A Fitch-style Modal Calculus for Reactive Programming Without Space
                  Leaks},
  year =         2019,
  journal =      {Proc. ACM Program. Lang.},
  volume =       3,
  issue =        {ICFP},
  issn =         {2475-1421},
  pages =        {109:1--109:27},
  articleno =    109,
  doi =          {10.1145/3341713},
  acmid =        3341713,
  publisher =    {ACM},
}

@incollection{benton:1995,
  author =       {Benton, P. N.},
  booktitle =    {Computer Science Logic (CSL 1994)},
  doi =          {10.1007/BFb0022251},
  editor =       {Pacholski, L. and Tiuryn, J.},
  pages =        {121--135},
  publisher =    {Springer, Berlin, Heidelberg},
  series =       {Lecture Notes in Computer Science},
  title =        {{A mixed linear and non-linear logic: Proofs, terms and models}},
  volume =       933,
  year =         1995
}

@article{bernardy:2012,
  author =       {Jean{-}Philippe Bernardy and Patrik Jansson and Ross Paterson},
  title =        {Proofs for free - Parametricity for dependent types},
  journal =      {J. Funct. Program.},
  volume =       22,
  number =       2,
  pages =        {107--152},
  year =         2012,
  url =          {https://doi.org/10.1017/S0956796812000056},
  doi =          {10.1017/S0956796812000056},
  timestamp =    {Tue, 06 Jun 2017 22:25:48 +0200},
  biburl =       {https://dblp.org/rec/bib/journals/jfp/BernardyJP12},
  bibsource =    {dblp computer science bibliography, https://dblp.org}
}

@article{bierman:2000,
  author =       "Bierman, G. M. and {de Paiva}, V. C. V.",
  title =        "On an Intuitionistic Modal Logic",
  journal =      "Studia Logica",
  year =         2000,
  volume =       65,
  number =       3,
  doi =          "10.1023/A:1005291931660",
}

@article{birkedal:2012,
  title =        {First steps in synthetic guarded domain theory: step-indexing in the topos of
                  trees},
  volume =       8,
  doi =          {10.2168/LMCS-8(4:1)2012},
  number =       4,
  journal =      {Logical Methods in Computer Science},
  author =       {Birkedal, Lars and Møgelberg, Rasmus and Schwinghammer, Jan and Støvring,
                  Kristian},
  editor =       {Baillot, Patrick},
  year =         2012,
}

@article{birkedal:2018,
  author =       {Birkedal, Lars and Clouston, Ranald and Mannaa, Bassel and Ejlers Møgelberg,
                  Rasmus and Pitts, Andrew M. and Spitters, Bas},
  title =        {Modal dependent type theory and dependent right adjoints},
  volume =       30,
  doi =          {10.1017/S0960129519000197},
  eprint =       {1804.05236},
  number =       2,
  journal =      {Mathematical Structures in Computer Science},
  publisher =    {Cambridge University Press},
  year =         2020,
  pages =        {118–138}
}

@article{birkedal:phd,
  author =       {Lars Birkedal},
  title =        {Developing Theories of Types and Computability via Realizability},
  journal =      {Electronic Notes in Theoretical Computer Science},
  year =         2000,
  volume =       34,
}

@article{bizjak:2015,
  title =        "A Model of Guarded Recursion With Clock Synchronisation",
  author =       "Aleš Bizjak and Rasmus Ejlers Møgelberg",
  journal =      "Electronic Notes in Theoretical Computer Science",
  volume =       319,
  pages =        "83 - 101",
  year =         2015,
  note =         "The 31st Conference on the Mathematical Foundations of Programming Semantics (MFPS
                  XXXI).",
  doi =          "https://doi.org/10.1016/j.entcs.2015.12.007",
  url =          "http://www.sciencedirect.com/science/article/pii/S1571066115000742",
}

@inproceedings{bizjak:2016,
  title =        {Guarded {Dependent} {Type} {Theory} with {Coinductive} {Types}},
  booktitle =    {Foundations of {Software} {Science} and {Computation} {Structures}},
  publisher =    {Springer Berlin Heidelberg},
  author =       {Bizjak, Aleš and Grathwohl, Hans Bugge and Clouston, Ranald and Møgelberg, Rasmus
                  E. and Birkedal, Lars},
  editor =       {Jacobs, Bart and Löding, Christof},
  year =         2016,
  pages =        {20--35},
}

@inproceedings{bock:2015,
  author =       {Brottveit Bock, Peter and Sch\"{u}rmann, Carsten},
  year =         2015,
  month =        nov,
  doi =          {10.1007/978-3-662-48899-7_28},
  isbn =         {978-3-662-48898-0},
  pages =        {402--417},
  title =        {A Contextual Logical Framework},
  volume =       9450,
}

@article{boespflug:2011,
  author =       {Boespflug, Mathieu and Pientka, Brigitte},
  year =         2011,
  month =        oct,
  doi =          {10.4204/EPTCS.71.3},
  journal =      {Electronic Proceedings in Theoretical Computer Science},
  title =        {Multi-level Contextual Type Theory},
  volume =       71,
}

@article{carboni:1995,
  title =        {Connected limits, familial representability and Artin glueing},
  volume =       5,
  doi =          {10.1017/S0960129500001183},
  number =       4,
  journal =      {Mathematical Structures in Computer Science},
  publisher =    {Cambridge University Press},
  author =       {Carboni, Aurelio and Johnstone, Peter},
  year =         1995,
  pages =        {441–459}
}

@phdthesis{cartmell:1978,
  author =       {Cartmell, John},
  school =       {University of Oxford},
  year =         1978,
  title =        {Generalised Algebraic Theories and Contextual Categories},
}

@article{castellan:2017,
  title =        {{Undecidability of Equality in the Free Locally Cartesian Closed Category}},
  author =       {Castellan, Simon and Clairambault, Pierre and Dybjer, Peter},
  year =         2017,
  doi =          {10.23638/LMCS-13(4:22)2017},
  journal =      {{Logical Methods in Computer Science}},
  volume =       13,
  number =       4,
}

@online{castellan:2019,
  author    = {Simon Castellan and Pierre Clairambault and Peter Dybjer},
  title     = {Categories with Families: Unityped, Simply Typed, and Dependently Typed},
  year      = {2019},
  url       = {http://arxiv.org/abs/1904.00827},
  eprint    = {1904.00827},
}

@InProceedings{cavallo:2020,
  author =	{Evan Cavallo and Robert Harper},
  title =	{{Internal Parametricity for Cubical Type Theory}},
  booktitle =	{28th EACSL Annual Conference on Computer Science Logic (CSL 2020)},
  pages =	{13:1--13:17},
  series =	{Leibniz International Proceedings in Informatics (LIPIcs)},
  ISBN =	{978-3-95977-132-0},
  ISSN =	{1868-8969},
  year =	2020,
  volume =	152,
  editor =	{Maribel Fern{\'a}ndez and Anca Muscholl},
  publisher =	{Schloss Dagstuhl--Leibniz-Zentrum fuer Informatik},
  address =	{Dagstuhl, Germany},
  doi =		{10.4230/LIPIcs.CSL.2020.13},
}

@mastersthesis{ceulemans:master,
  title =        {Reasoning about Effect Parametricity using Dependent Types},
  author =       {Ceulemans, Joris},
  year =         2019,
  school =       {KU Leuven},
  address =      {Belgium},
  type =         {Master's thesis},
}

@book{cisinski:2019,
  place =        {Cambridge},
  series =       {Cambridge Studies in Advanced Mathematics},
  title =        {Higher Categories and Homotopical Algebra},
  DOI =          {10.1017/9781108588737},
  publisher =    {Cambridge University Press},
  author =       {Cisinski, Denis-Charles},
  year =         2019,
  collection =   {Cambridge Studies in Advanced Mathematics}
}

@article{clairambault:2014,
  title =        {The biequivalence of locally cartesian closed categories and Martin-Löf type
                  theories},
  volume =       24,
  DOI =          {10.1017/S0960129513000881},
  number =       6,
  journal =      {Mathematical Structures in Computer Science},
  publisher =    {Cambridge University Press},
  author =       {Clairambault, Pierre and Dybjer, Peter},
  year =         2014,
}

@inproceedings{clouston:2015,
  author =       {Clouston, Ranald and Bizjak, Ale{\v{s}} and Grathwohl, Hans Bugge and Birkedal,
                  Lars},
  editor =       {Pitts, Andrew},
  location =     {Berlin, Heidelberg},
  publisher =    {Springer Berlin Heidelberg},
  booktitle =    {Foundations of Software Science and Computation Structures},
  year =         2015,
  isbn =         {978-3-662-46678-0},
  pages =        {407--421},
  title =        {Programming and Reasoning with Guarded Recursion for Coinductive Types},
}

@inproceedings{clouston:2018,
  title =        {Fitch-{Style} {Modal} {Lambda} {Calculi}},
  booktitle =    {Foundations of {Software} {Science} and {Computation} {Structures}},
  publisher =    {Springer International Publishing},
  author =       {Clouston, Ranald},
  editor =       {Baier, Christel and Dal Lago, Ugo},
  year =         2018,
  pages =        {258--275},
}

@article{cohen:2017,
  author =       {Cyril Cohen and Thierry Coquand and Simon Huber and Anders M{\"{o}}rtberg},
  title =        {Cubical Type Theory: {A} Constructive Interpretation of the Univalence Axiom},
  journal =      {{FLAP}},
  volume =       4,
  number =       10,
  pages =        {3127--3170},
  year =         2017,
}

@InProceedings{coquand:1986,
  author =       {Thierry Coquand},
  title =        {An Analysis of Girard's Paradox},
  booktitle =    {Proceedings of the First Annual IEEE Symposium on Logic in Computer Science (LICS
                  1986)},
  year =         1986,
  pages =        {227--236},
  location =     {Cambridge, MA, USA},
  publisher =    {IEEE Computer Society Press}
}

@online{coquand:2013,
  author = {Coquand, Thierry},
  url = {http://www.cse.chalmers.se/~coquand/presheaf.pdf},
  title = {Presheaf model of type theory},
  year = {2013},
}

@online{coquand:2018,
  author = {Coquand, Thierry},
  year = {2018},
  eprint = {1810.09367},
  title = {Canonicity and normalization for {Dependent Type Theory}},
}

@article{coquand:1996,
  author =       {Coquand, Thierry},
  year =         1996,
  doi =          {https://doi.org/10.1016/0167-6423(95)00021-6},
  issn =         {0167-6423},
  journal =      {Science of Computer Programming},
  number =       1,
  pages =        {167--177},
  title =        {An algorithm for type-checking dependent types},
  volume =       26,
}

@article{curien:1990,
  title =        {Substitution up to isomorphism},
  volume =       23,
  url =          {http://www.numdam.org/item/DIA_1990__23__43_0},
  journal =      {Diagrammes},
  author =       {Curien, P.-L.},
  year =         1990,
  pages =        {43--66}
}

@online{sterling:2018,
  author = {Sterling, Jonathan and Spitters, Bas},
  year = {2018},
  eprint = {1809.08646},
  eprintclass = {cs.LO},
  eprinttype = {arXiv},
  title = {Normalization by gluing for free $\lambda$-theories},
}

@article{davies:2001,
  author = {Rowan Davies and Frank Pfenning},
  title = {A Modal Analysis of Staged Computation},
  journal = {Journal of the ACM},
  year = 2001,
  volume = 48,
  number = 3,
  month = may,
  pages = {555--604},
}

@inproceedings{de-paiva:2015,
  title =        "Fibrational Modal Type Theory",
  journal =      "Electronic Notes in Theoretical Computer Science",
  year =         2015,
  booktitle =    "Proceedings of the Tenth Workshop on Logical and Semantic Frameworks, with
                  Applications (LSFA 2015)",
  doi =          "10.1016/j.entcs.2016.06.010",
  author =       "{de Paiva}, Valeria and Ritter, Eike",
}

@article{dwyer:1980,
  title =        {Simplicial localizations of categories},
  journal =      {Journal of Pure and Applied Algebra},
  volume =       17,
  number =       3,
  pages =        {267 - 284},
  year =         1980,
  issn =         {0022-4049},
  doi =          {10.1016/0022-4049(80)90049-3},
  author =       {William Dwyer and Daniel Kan}
}

@InProceedings{dybjer:1996,
  author =       {Dybjer, Peter},
  editor =       {Berardi, Stefano and Coppo, Mario},
  title =        {Internal type theory},
  booktitle =    {Types for Proofs and Programs},
  year =         1996,
  publisher =    {Springer Berlin Heidelberg},
  address =      {Berlin, Heidelberg},
  pages =        {120--134},
  doi =          {10.1007/3-540-61780-9_66},
  notes =        {TYPES 2015}
}

@inproceedings{fiore-plotkin-turi:1999,
  author =       {Fiore, Marcelo and Plotkin, Gordon and Turi, Daniele},
  booktitle =    {Proceedings of the 14th Symposium on Logic in Computer Science},
  year =         1999,
  pages =        {193--202},
  title =        {Abstract syntax and variable binding},
}

@inproceedings{fiore-simpson:1999,
  author =       {Fiore, Marcelo and Simpson, Alex},
  editor =       {Girard, Jean-Yves},
  location =     {Berlin, Heidelberg},
  publisher =    {Springer Berlin Heidelberg},
  booktitle =    {Typed Lambda Calculi and Applications},
  year =         1999,
  isbn =         {978-3-540-48959-7},
  pages =        {147--161},
  title =        {Lambda Definability with Sums via {Grothendieck} Logical Relations},
}

@inproceedings{fiore:1999,
  author =       {Fiore, Marcelo and Plotkin, Gordon and Turi, Daniele},
  booktitle =    {Proceedings of the 14th Symposium on Logic in Computer Science},
  year =         1999,
  pages =        {193--202},
  title =        {Abstract syntax and variable binding},
}

@inproceedings{fiore:2002,
  author =       {Fiore, Marcelo},
  location =     {Pittsburgh, PA, USA},
  publisher =    {ACM},
  booktitle =    {Proceedings of the 4th ACM SIGPLAN International Conference on Principles and
                  Practice of Declarative Programming},
  year =         2002,
  doi =          {10.1145/571157.571161},
  isbn =         {1-58113-528-9},
  pages =        {26--37},
  series =       {PPDP '02},
  title =        {Semantic Analysis of Normalisation by Evaluation for Typed Lambda Calculus},
}

@misc{fiore:2012,
  author =       {Fiore, Marcelo},
  url =          {https://www.cl.cam.ac.uk/~mpf23/talks/ICALP2012.pdf},
  year =         2012,
  note =         {Slides from talk given at ICALP 2012},
  title =        {Discrete generalised polynomial functors},
}

@inproceedings{gaboardi:2016,
  author =       {Gaboardi, Marco and Katsumata, Shin-ya and Orchard, Dominic and Breuvart, Flavien
                  and Uustalu, Tarmo},
  title =        {Combining Effects and Coeffects via Grading},
  booktitle =    {Proceedings of the 21st ACM SIGPLAN International Conference on Functional
                  Programming},
  series =       {ICFP 2016},
  year =         2016,
  doi =          {10.1145/2951913.2951939},
}

@article{girard:1993,
  title =        "On the unity of logic",
  journal =      "Annals of Pure and Applied Logic",
  volume =       59,
  number =       3,
  pages =        "201 - 217",
  year =         1993,
  issn =         "0168-0072",
  doi =          "10.1016/0168-0072(93)90093-S",
  author =       "Jean-Yves Girard",
}

@book{granstrom:2011,
  title =        {Treatise on {Intuitionistic} {Type} {Theory}},
  publisher =    {Springer Netherlands},
  author =       {Granström, Johan Georg and Granström, Johan Georg},
  year =         2011,
  doi =          {10.1007/978-94-007-1736-7}
}

@article{gratzer:2019,
  title =        {Implementing a {Modal} {Dependent} {Type} {Theory}},
  volume =       3,
  doi =          {10.1145/3341711},
  issue =        {ICFP},
  journal =      {Proc. ACM Program. Lang.},
  author =       {Gratzer, Daniel and Sterling, Jonathan and Birkedal, Lars},
  year =         2019
}

@inproceedings{gratzer:2020,
  author =       {Gratzer, Daniel and Kavvos, {G.A.} and Nuyts, Andreas and Birkedal, Lars},
  title =        {Multimodal Dependent Type Theory},
  booktitle =    {Proceedings of the 35th Annual ACM/IEEE Symposium on Logic in Computer Science},
  series =       {LICS '20},
  year =         2020,
  doi =          {10.1145/3373718.3394736},
  publisher =    {ACM},
}

@misc{gratzer:tech-report:2019,
  author =       {Gratzer, Daniel and Sterling, Jonathan and Birkedal, Lars},
  title =        {Normalization-by-Evaluation for Modal Dependent Type Theory},
  year =         2019,
  note =         {Technical Report for the ICFP paper by the same name},
  url =
                  {https://jozefg.github.io/papers/2019-implementing-modal-dependent-type-theory-tech-report.pdf},
}

@misc{gratzer:tech-report:2020,
  author =       {Gratzer, Daniel and Kavvos, {G.A.} and Nuyts, Andreas and Birkedal, Lars},
  title =        {Type Theory {\`a} la Mode},
  year =         2020,
  note =         {Technical Report for the LICS paper "Multimodal Dependent Type Theory"},
  url =          {https://jozefg.github.io/papers/type-theory-a-la-mode.pdf},
}

@unpublished{gratzer:original-note:2020,
  author = {Gratzer, Daniel},
  title  = {The Role of Adjoints in Modal Proof Theory},
  date   = {2020},
}

@unpublished{gratzer:subobject-of-glued-topos:2020,
  author = {Gratzer, Daniel},
  title  = {The subobject classifier of a glued topos},
  year   = 2020,
}

@inproceedings{gross:2017,
  author =       {Gross, Jacob A and Licata, Daniel R and New, Max S and Paykin, Jennifer and Riley,
                  Mitchell and Shulman, Michael and Wellen, Felix},
  booktitle =    {Extended abstracts for the Workshop "Homotopy Type Theory and Univalent
                  Foundations"},
  title =        {{Differential Cohesive Type Theory (Extended Abstract)}},
  url =          {https://hott-uf.github.io/2017/abstracts/cohesivett.pdf},
  year =         2017
}

@inproceedings{guatto:2018,
  author =       {Guatto, Adrien},
  title =        {A Generalized Modality for Recursion},
  booktitle =    {Proceedings of the 33rd Annual ACM/IEEE Symposium on Logic in Computer Science},
  series =       {LICS '18},
  year =         2018,
  doi =          {10.1145/3209108.3209148},
  acmid =        3209148,
  publisher =    {ACM},
}

@article{hasegawa:1994:categorical-data-types,
  author =       {Ryu Hasegawa},
  title =        {Categorical Data Types in Parametric Polymorphism},
  journal =      {Mathematical Structures in Computer Science},
  volume =       4,
  number =       1,
  pages =        {71--109},
  year =         1994,
  url =          {https://doi.org/10.1017/S0960129500000372},
  doi =          {10.1017/S0960129500000372},
  timestamp =    {Sun, 28 May 2017 13:25:36 +0200},
  biburl =       {https://dblp.org/rec/bib/journals/mscs/Hasegawa94},
  bibsource =    {dblp computer science bibliography, https://dblp.org}
}

@article{hasegawa:1994:relational-limits,
  author =       {Ryu Hasegawa},
  title =        {Relational limits in general polymorphism},
  journal =      {Publications of Research Institute for Mathematical Sciences},
  year =         1994,
  volume =       30,
  pages =        {535--576},
}

@unpublished{hofmann-streicher:1997,
  author =       {Hofmann, Martin and Streicher, Thomas},
  url =          {https://www2.mathematik.tu-darmstadt.de/~streicher/NOTES/lift.pdf},
  year =         1997,
  note =         {Unpublished note},
  title =        {Lifting {G}rothendieck Universes},
}

@inproceedings{hofmann:1994,
  title =        {On the Interpretation of Type Theory in Locally Cartesian Closed Categories},
  author =       {Martin Hofmann},
  booktitle =    {Computer Science Logic},
  year =         1994
}

@incollection{hofmann:1997,
  title =        {Syntax and {Semantics} of {Dependent} {Types}},
  url =
                  {https://www.tcs.ifi.lmu.de/mitarbeiter/martin-hofmann/pdfs/syntaxandsemanticsof-dependenttypes.pdf},
  booktitle =    {Semantics and {Logics} of {Computation}},
  publisher =    {Cambridge University Press},
  author =       {Hofmann, Martin},
  editor =       {Pitts, Andrew M. and Dybjer, P.},
  year =         1997,
  doi =          {10.1017/CBO9780511526619.004},
  pages =        {79--130},
}

@inproceedings{hofmann:1999,
  author =       {Hofmann, Martin},
  location =     {Washington, DC, USA},
  publisher =    {IEEE Computer Society},
  url =          {http://dl.acm.org/citation.cfm?id=788021.788940},
  booktitle =    {Proceedings of the 14th Annual IEEE Symposium on Logic in Computer Science},
  year =         1999,
  isbn =         {0-7695-0158-3},
  pages =        {204--},
  series =       {LICS '99},
  title =        {Semantical Analysis of Higher-Order Abstract Syntax},
}

@book{hottbook,
  title =        {Homotopy Type Theory: Univalent Foundations of Mathematics},
  author =       {{Univalent Foundations Program}, The},
  year =         2013,
  address =      {Institute for Advanced Study},
  url =          {https://homotopytypetheory.org/book},
}

@article{huber:2018,
  author =       {Huber, Simon},
  title =        {Canonicity for Cubical Type Theory},
  journal =      {Journal of Automated Reasoning},
  volume =       63,
  pages =        {173-210},
  year =         2018
}

@book{jacobs:1999,
  author =       "B. Jacobs",
  title =        "Categorical Logic and Type Theory",
  publisher =    "North Holland",
  series =       "Studies in Logic and the Foundations of Mathematics",
  number =       141,
  year =         1999
}

@misc{johnson-yau:2020,
  title =        {2-Dimensional Categories},
  author =       {Niles Johnson and Donald Yau},
  year =         2020,
  eprint =       {2002.06055},
  eprinttype =   {arXiv}
}

@book{johnstone:2002,
  title =        {Sketches of an Elephant: A Topos Theory Compendium},
  author =       {Johnstone, P.T.},
  isbn =         9780198515982,
  series =       {Oxford Logic Guides},
  year =         2002,
  publisher =    {Clarendon Press}
}

@inproceedings{kaposi:gluing:2019,
  author =       {Kaposi, Ambrus and Huber, Simon and Sattler, Christian},
  editor =       {Geuvers, Herman},
  booktitle =    {Proceedings of the 4th International Conference on Formal Structures for
                  Computation and Deduction (FSCD 2019)},
  year =         2019,
  title =        {Gluing for type theory},
  volume =       131,
}

@article{kaposi:qiits:2019,
  author =       {Kaposi, Ambrus and Kov\'{a}cs, Andr\'{a}s and Altenkirch, Thorsten},
  title =        {Constructing Quotient Inductive-inductive Types},
  journal =      {Proc. ACM Program. Lang.},
  volume =       3,
  number =       {POPL},
  month =        jan,
  year =         2019,
  issn =         {2475-1421},
  pages =        {2:1--2:24},
  articleno =    2,
  numpages =     24,
  doi =          {10.1145/3290315},
  acmid =        3290315,
  publisher =    {ACM},
}

@inproceedings{kavvos:2017,
  author =       {G. A. {Kavvos}},
  booktitle =    {2017 32nd Annual ACM/IEEE Symposium on Logic in Computer Science (LICS)},
  title =        {Dual-context calculi for modal logic},
  year =         2017,
  pages =        {1-12},
  doi =          {10.1109/LICS.2017.8005089},
  eprint =       {1602.04860},
  eprinttype =   {arXiv}
}

@article{kavvos:2019,
  author =       {Kavvos, G. A.},
  title =        {Modalities, Cohesion, and Information Flow},
  journal =      {Proceedings of the ACM on Programming Languages},
  year =         2019,
  volume =       3,
  issue =        {POPL},
  pages =        {20:1--20:29},
  doi =          {10.1145/3290333},
  acmid =        3290333,
  publisher =    {ACM},
  address =      {New York, NY, USA},
}

@inproceedings{keller-lasson:2012,
  author =       {Chantal Keller and Marc Lasson},
  title =        {Parametricity in an Impredicative Sort},
  booktitle =    {Computer Science Logic (CSL'12) - 26th International Workshop/21st Annual
                  Conference of the EACSL, {CSL} 2012, September 3-6, 2012, Fontainebleau, France},
  pages =        {381--395},
  year =         2012,
  doi =          {10.4230/LIPIcs.CSL.2012.381},
}

@article{lack:2002,
  title =        "Codescent objects and coherence",
  journal =      "Journal of Pure and Applied Algebra",
  volume =       175,
  number =       1,
  pages =        "223 - 241",
  year =         2002,
  note =         "Special Volume celebrating the 70th birthday of Professor Max Kelly",
  issn =         "0022-4049",
  doi =          "10.1016/S0022-4049(02)00136-6",
  author =       "Stephen Lack"
}

@article{lawvere:2007,
  title =        {Axiomatic cohesion},
  volume =       19,
  url =          {http://www.tac.mta.ca/tac/volumes/19/3/19-03.pdf},
  number =       3,
  journal =      {Theory and Applications of Categories},
  author =       {Lawvere, F. William},
  year =         2007,
  pages =        {41--49},
}

@book{levy:2012,
  title =        {Call-By-Push-Value: A Functional/Imperative Synthesis},
  author =       {Levy, P.B.},
  isbn =         9789400709546,
  series =       {Semantics Structures in Computation},
  year =         2012,
  publisher =    {Springer Netherlands}
}

@inproceedings{licata:2016,
  title =        {Adjoint {Logic} with a 2-{Category} of {Modes}},
  booktitle =    {Logical {Foundations} of {Computer} {Science}},
  publisher =    {Springer International Publishing},
  author =       {Licata, Daniel R. and Shulman, Michael},
  editor =       {Artemov, Sergei and Nerode, Anil},
  year =         2016,
  pages =        {219--235},
  doi =          {10.1007/978-3-319-27683-0_16}
}

@inproceedings{licata:2017,
  series =       {Leibniz {International} {Proceedings} in {Informatics} ({LIPIcs})},
  title =        {A {Fibrational} {Framework} for {Substructural} and {Modal} {Logics}},
  volume =       84,
  doi =          {10.4230/LIPIcs.FSCD.2017.25},
  booktitle =    {2nd {International} {Conference} on {Formal} {Structures} for {Computation} and
                  {Deduction} ({FSCD} 2017)},
  publisher =    {Schloss Dagstuhl–Leibniz-Zentrum fuer Informatik},
  author =       {Licata, Daniel R. and Shulman, Michael and Riley, Mitchell},
  editor =       {Miller, Dale},
  year =         2017,
  pages =        {25:1--25:22},
}

@inproceedings{licata:2018,
  series =       {Leibniz {International} {Proceedings} in {Informatics} ({LIPIcs})},
  title =        {Internal {Universes} in {Models} of {Homotopy} {Type} {Theory}},
  doi =          {10.4230/LIPIcs.FSCD.2018.22},
  booktitle =    {3rd {International} {Conference} on {Formal} {Structures} for {Computation} and
                  {Deduction} ({FSCD} 2018)},
  publisher =    {Schloss Dagstuhl-Leibniz-Zentrum fuer Informatik},
  author =       {Licata, Daniel R. and Orton, Ian and Pitts, Andrew M. and Spitters, Bas},
  editor =       {Kirchner, H.},
  year =         2018,
  eprint =       {1801.07664},
  pages =        {22:1--22:17},
}

@book{longley:2015,
  title =        {Higher-Order Computability},
  author =       {Longley, J. and Normann, D.},
  isbn =         9783662479926,
  series =       {Theory and Applications of Computability},
  url =          {https://books.google.dk/books?id=fdXjCgAAQBAJ},
  year =         2015,
  publisher =    {Springer Berlin Heidelberg}
}

@article{lumsdaine:2015,
  title =        {The local universes model, an overlooked coherence construction for dependent type
                  theories},
  volume =       16,
  DOI =          {10.1145/2754931},
  number =       3,
  journal =      {ACM Transactions on Computational Logic},
  publisher =    {Association for Computing Machinery (ACM)},
  author =       {Lumsdaine, Peter Lefanu and Warren, Michael A.},
  year =         2015,
}

@book{luo:1994,
  author =       {Luo, Zhaohui},
  title =        {Computation and Reasoning: A Type Theory for Computer Science},
  year =         1994,
  isbn =         {0-19-853835-9},
  publisher =    {Oxford University Press, Inc.},
  address =      {New York, NY, USA},
}

@misc{luo:2012,
  author =       {Luo, Zhaohui},
  title =        {{Notes on Universes in Type Theory}},
  url =          {http://www.dcs.rhul.ac.uk/home/zhaohui/universes.pdf},
  note =         {Notes for a talk at Institute for Advanced Study in Princeton in Oct 2012},
  year =         2012
}



@Book{lurie:2009,
  author =       {Lurie, Jacob},
  title =        {Higher Topos Theory},
  publisher =    {Princeton University Press},
  year =         2009,
  number =       170,
  series =       {Annals of Mathematics Studies},
}

@book{maclane-moerdijk:1992,
  author =       {Mac Lane, Saunders and Moerdijk, Ieke},
  location =     {New York},
  publisher =    {Springer},
  year =         1992,
  isbn =         {0-387-97710-4},
  series =       {Universitext},
  title =        {Sheaves in geometry and logic : a first introduction to topos theory},
}

@InProceedings{mannaa:2018,
  author =       {Mannaa, Bassel and M{\o}gelberg, Rasmus Ejlers},
  title =        {{The Clocks They Are Adjunctions Denotational Semantics for Clocked Type Theory}},
  booktitle =    {3rd International Conference on Formal Structures for Computation and Deduction
                  (FSCD 2018)},
  pages =        {23:1--23:17},
  series =       {Leibniz International Proceedings in Informatics (LIPIcs)},
  ISBN =         {978-3-95977-077-4},
  ISSN =         {1868-8969},
  year =         2018,
  volume =       108,
  editor =       {H{\'e}l{\`e}ne Kirchner},
  publisher =    {Schloss Dagstuhl--Leibniz-Zentrum fuer Informatik},
  address =      {Dagstuhl, Germany},
  doi =          {10.4230/LIPIcs.FSCD.2018.23},
}

@incollection{martin-lof:1973,
  Author =       {Martin-L{\"o}f, Per},
  Booktitle =    {Logic Colloquium '73, Proceedings of the Logic Colloquium},
  Editor =       {H.E. Rose and J.C. Shepherdson},
  Mrclass =      {02C15 (02D99)},
  Mrnumber =     {0387009 (52 \#7856)},
  Mrreviewer =   {Horst Luckhardt},
  Pages =        {73--118},
  Publisher =    {North-Holland},
  Series =       {Studies in Logic and the Foundations of Mathematics},
  Title =        {An intuitionistic theory of types: predicative part},
  Volume =       80,
  Year =         1975
}

@misc{martin-lof:1992,
  author =       {Martin-L\"{o}f, Per},
  year =         1992,
  note =         {Notes from a lecture given in G\"{o}teborg},
  title =        {Substitution calculus},
}

@article{mcbride:2008,
  title =        {Applicative programming with effects},
  volume =       18,
  url =          {http://www.staff.city.ac.uk/~ross/papers/Applicative.pdf},
  doi =          {10.1017/S0956796807006326},
  number =       1,
  journal =      {Journal of Functional Programming},
  author =       {McBride, Conor and Paterson, Ross},
  year =         2008,
}

@misc{menkar,
  author =       {Nuyts, Andreas},
  title =        {Menkar},
  year =         2019,
  publisher =    {GitHub},
  journal =      {GitHub repository},
  howpublished = {\url{https://github.com/anuyts/menkar}},
}

@inproceedings{mitchell:1993,
  title =        {Notes on sconing and relators},
  booktitle =    {Computer {Science} {Logic}},
  publisher =    {Springer Berlin Heidelberg},
  author =       {Mitchell, John C. and Scedrov, Andre},
  editor =       {Börger, E. and Jäger, G. and Kleine Büning, H. and Martini, S. and Richter, M. M.},
  year =         1993,
  pages =        {352--378},
  doi =          {10.1007/3-540-56992-8_21},
}

@inproceedings{moegelberg:2014,
  author =       {M{\o}gelberg, Rasmus Ejlers},
  title =        {A Type Theory for Productive Coprogramming via Guarded Recursion},
  booktitle =    {Proceedings of the Joint Meeting of the Twenty-Third EACSL Annual Conference on
                  Computer Science Logic (CSL) and the Twenty-Ninth Annual ACM/IEEE Symposium on
                  Logic in Computer Science (LICS)},
  series =       {CSL-LICS '14},
  year =         2014,
  doi =          {10.1145/2603088.2603132},
}

@article{moggi:1991,
  title =        "Notions of computation and monads",
  journal =      "Information and Computation",
  volume =       93,
  number =       1,
  pages =        "55 - 92",
  year =         1991,
  note =         "Selections from 1989 IEEE Symposium on Logic in Computer Science",
  issn =         "0890-5401",
  doi =          "10.1016/0890-5401(91)90052-4",
  author =       "Eugenio Moggi",
}

@article{moulin:2015,
  author =       {Jean{-}Philippe Bernardy and Thierry Coquand and Guilhem Moulin},
  title =        {A Presheaf Model of Parametric Type Theory},
  journal =      {Electr. Notes Theor. Comput. Sci.},
  volume =       319,
  pages =        {67--82},
  year =         2015,
  url =          {https://doi.org/10.1016/j.entcs.2015.12.006},
  doi =          {10.1016/j.entcs.2015.12.006},
  timestamp =    {Sun, 28 May 2017 13:22:57 +0200},
  biburl =       {https://dblp.org/rec/bib/journals/entcs/BernardyCM15},
  bibsource =    {dblp computer science bibliography, https://dblp.org}
}

@phdthesis{moulin:phd,
  author =       {Guilhem Moulin},
  title =        {Internalizing Parametricity},
  school =       {Chalmers University of Technology, Gothenburg, Sweden},
  year =         2016,
  url =
                  {http://publications.lib.chalmers.se/publication/235758-internalizing-parametricity},
  timestamp =    {Tue, 16 May 2017 17:36:05 +0200},
  biburl =       {https://dblp.org/rec/bib/phd/basesearch/Moulin16},
  bibsource =    {dblp computer science bibliography, https://dblp.org}
}

@inproceedings{nakano:2000,
  author =       {Nakano, H.},
  publisher =    {IEEE Computer Society},
  booktitle =    {Proceedings Fifteenth Annual IEEE Symposium on Logic in Computer Science
                  (Cat. No.99CB36332)},
  year =         2000,
  pages =        {255--266},
  title =        {A modality for recursion},
}

@article{nanevski:2008,
  title =        {Contextual {Modal} {Type} {Theory}},
  author =       {Nanevski, Aleksandar and Pfenning, Frank and Pientka, Brigitte},
  year =         2008,
  volume =       9,
  doi =          {10.1145/1352582.1352591},
  number =       3,
  journal =      {ACM Transactions on Computational Logic},
}

@online{nlab:parametric-right-adjoint,
  author = {{nLab}},
  url = {https://ncatlab.org/nlab/show/parametric+right+adjoint},
  date = {2018},
  title = {Parametric Right Adjoints},
}

@online{nlab:pseudofunctors,
  author = {{nLab}},
  url = {https://ncatlab.org/nlab/show/pseudofunctors},
  date = {2015},
  title = {Pseudofunctors},
}

@online{nlab:presentable-infinity-category,
  author = {{nLab}},
  url = {https://ncatlab.org/nlab/show/Pr%28infinity%2C1%29Cat},
  date = {2019},
  title = {Presentable $(\infty,1)$-categories},
}

https://ncatlab.org/nlab/show/Pr%28infinity%2C1%29Cat#tensor_product

@phdthesis{newstead:2018,
  author =       {Newstead, Clive},
  school =       {Carnegie Mellon University},
  title =        {{Algebraic models of dependent type theory}},
  type =         {PhD thesis},
  url =          {https://sites.math.northwestern.edu/$\sim$newstead/thesis-clive-newstead.pdf},
  year =         2018
}

@article{north:2019,
  title =        {Type-theoretic weak factorization systems},
  author =       {Paige Randall North},
  year =         2019,
  eprint =       {1906.00259},
  archivePrefix ={arXiv},
  primaryClass = {math.CT},
  url =          {https://arxiv.org/abs/1906.00259}
}

@article{nuyts:2017,
  author =       {Nuyts, Andreas and Vezzosi, Andrea and Devriese, Dominique},
  title =        {Parametric Quantifiers for Dependent Type Theory},
  journal =      {Proc. ACM Program. Lang.},
  volume =       1,
  number =       {ICFP},
  year =         2017,
  doi =          {10.1145/3110276},
  acmid =        3110276,
  publisher =    {ACM},
}

@inproceedings{nuyts:2018,
  author =       {Nuyts, Andreas and Devriese, Dominique},
  title =        {Degrees of Relatedness: A Unified Framework for Parametricity, Irrelevance, Ad Hoc
                  Polymorphism, Intersections, Unions and Algebra in Dependent Type Theory},
  booktitle =    {Proceedings of the 33rd Annual ACM/IEEE Symposium on Logic in Computer Science},
  series =       {LICS '18},
  year =         2018,
  doi =          {10.1145/3209108.3209119},
  acmid =        3209119,
  publisher =    {ACM},
}

@PhdThesis{nuyts:2020,
  author =       {Andreas Nuyts},
  title =        {Contributions to Multimode and Presheaf type theory},
  school =       {imec-DistriNet, KU Leuven},
  year =         2020,
  note =         {Presently unpublished.},
}

@inproceedings{nuyts:robust:2018,
  author =       {Nuyts, Andreas},
  title =        {Robust Notions of Contextual Fibrancy},
  year =         2018,
  month =        7,
  url =          {https://lirias.kuleuven.be/2809876},
  booktitle =    {TYPES},
}


@misc{nuyts:tech-report:2018,
  title =        {Presheaf Models of Relational Modalities in Dependent Type Theory},
  author =       {Andreas Nuyts},
  year =         2018,
  eprint =       {1805.08684},
  archivePrefix ={arXiv},
}

@article{orchard:2019,
  author =       {Orchard, Dominic and Liepelt, Vilem-Benjamin and Eades III, Harley},
  title =        {Quantitative Program Reasoning with Graded Modal Types},
  journal =      {Proc. ACM Program. Lang.},
  year =         2019,
  doi =          {10.1145/3341714},
}

@article{orton:2018,
  archivePrefix ={arXiv},
  arxivId =      {1712.04864},
  author =       {Orton, Ian and Pitts, Andrew M.},
  doi =          {10.23638/LMCS-14(4:23)2018},
  eprint =       {1712.04864},
  journal =      {Logical Methods in Computer Science},
  number =       4,
  title =        {{Axioms for Modelling Cubical Type Theory in a Topos}},
  volume =       14,
  year =         2018
}

@incollection{palmgren:1998,
  series =       {Oxford {Logic} {Guides}},
  title =        {On universes in type theory},
  url =          {http://www2.math.uu.se/~palmgren/universe.pdf},
  booktitle =    {Twenty {Five} {Years} of {Constructive} {Type} {Theory}},
  publisher =    {Oxford University Press},
  author =       {Palmgren, Erik},
  editor =       {Sambin, G. and Smith,, J.},
  year =         1998,
  pages =        {191--204},
}

@article{pfenning-davies:2001,
  title =        {A {Judgmental} {Reconstruction} of {Modal} {Logic}},
  author =       {Pfenning, Frank and Davies, Rowan},
  year =         2001,
  volume =       11,
  doi =          {10.1017/S0960129501003322},
  number =       4,
  journal =      {Mathematical Structures in Computer Science},
  pages =        {511--540},
  url =          {http://www.cs.cmu.edu/~fp/papers/mscs00.pdf}
}

@inproceedings{pfenning:2001,
  title =        {Intensionality, extensionality, and proof irrelevance in modal type theory},
  booktitle =    {Proceedings 16th {Annual} {IEEE} {Symposium} on {Logic} in {Computer} {Science}},
  author =       {Pfenning, F.},
  year =         2001,
  pages =        {221--230},
  doi =          {10.1109/LICS.2001.932499},
  url =          {https://www.cs.cmu.edu/~fp/papers/lics01.pdf},
  publisher =    {IEEE}
}

@InProceedings{pientka:2019,
  author =       {Pientka, Brigitte and Abel, Andreas and Ferreira, Francisco and Thibodeau, David
                  and Zucchini, R{\'{e}}becca},
  year =         2019,
  booktitle =    {Proceedings of the 34th Annual ACM/IEEE Symposium on Logic in Computer Science
                  (LICS)},
  title =        {A Type Theory for Defining Logics and Proofs},
}

@article{pierce:2000,
  author =       {Pierce, Benjamin C. and Turner, David N.},
  year =         2000,
  journal =      {{ACM} Transactions Programming Language and Systems},
  number =       1,
  pages =        {1--44},
  title =        {Local type inference},
  volume =       22,
}

@inproceedings{plotkin:1993,
  author =       {G. D. {Plotkin}},
  booktitle =    {Proceedings Eighth Annual IEEE Symposium on Logic in Computer Science},
  title =        {Type theory and recursion},
  year =         1993,
  pages =        {374-},
  doi =          {10.1109/LICS.1993.287571},
}

@article{power:1989,
  title =        "A general coherence result",
  journal =      "Journal of Pure and Applied Algebra",
  volume =       57,
  number =       2,
  pages =        "165 - 173",
  year =         1989,
  issn =         "0022-4049",
  doi =          "10.1016/0022-4049(89)90113-8",
  author =       "A.J. Power",
}

@book{prawitz:1965,
  title =        {Natural {Deduction}: a proof-theoretical study.},
  publisher =    {Almquist and Wiksell},
  author =       {Prawitz, Dag},
  year =         1965
}

@unpublished{reed:2009,
  author =       {Reed, Jason},
  title =        {{A Judgmental Deconstruction of Modal Logic}},
  url =          {http://www.cs.cmu.edu/~jcreed/papers/jdml.pdf},
  year =         2009,
}

@inproceedings{reynolds:1983,
  author =       {John C. Reynolds},
  title =        {Types, Abstraction and Parametric Polymorphism},
  booktitle =    {Information Processing 83, Proceedings of the {IFIP} 9th World Computer Congress,
                  Paris, France, September 19-23, 1983},
  pages =        {513--523},
  year =         1983,
  timestamp =    {Sun, 28 Jul 2019 17:03:41 +0200},
  biburl =       {https://dblp.org/rec/bib/conf/ifip/Reynolds83},
  bibsource =    {dblp computer science bibliography, https://dblp.org}
}

@online{licata:2019,
  author = {Licata, Daniel R.},
  year = 2019,
  url = {https://www.youtube.com/watch?v=-DP0wY2FBs4},
  note = {Homotopy Type Theory Electronic Seminar Talks, 2019-03-21}
}

@book{riehl:2014,
  author =       {Riehl, Emily},
  title =        {{Categorical homotopy theory}},
  publisher =    {Cambridge University Press},
  series =       {New Mathematical Monographs},
  volume =       24,
  year =         2014
}

@article{rijke:2020,
  title =        {{Modalities in homotopy type theory}},
  author =       {Rijke, Egbert and Shulman, Michael and Spitters, Bas},
  year =         2020,
  journal =      {{Logical Methods in Computer Science}},
  volume =       16,
  number =       1,
  eprint =       {1706.07526}
}

@inproceedings{robinson:1994,
  author =       {E. P. Robinson and Giuseppe Rosolini},
  title =        {Reflexive Graphs and Parametric Polymorphism},
  booktitle =    {Proceedings of the Ninth Annual Symposium on Logic in Computer Science {(LICS}
                  '94), Paris, France, July 4-7, 1994},
  pages =        {364--371},
  year =         1994,
  url =          {https://doi.org/10.1109/LICS.1994.316053},
  doi =          {10.1109/LICS.1994.316053},
  timestamp =    {Wed, 16 Oct 2019 14:14:54 +0200},
  biburl =       {https://dblp.org/rec/bib/conf/lics/RobinsonR94},
  bibsource =    {dblp computer science bibliography, https://dblp.org}
}

@Book{adamek-rosicky:1994,
  author =       {Ad{\'a}mek, Ji{\v{r}}{\'i} and Rosick{\'y}, Ji{\v{r}}{\'i}},
  title =        {Locally Presentable and Accessible Categories},
  publisher =    {Cambridge University Press},
  year =         1994,
  number =       189,
  series =       {London Mathematical Society Lecture Note Series},
}

@article{schanuel:1986,
  author =       {Schanuel, Stephen and Street, Ross},
  title =        {The free adjunction},
  journal =      {Cahiers de Topologie et G\'eom\'etrie Diff\'erentielle Cat\'egoriques},
  publisher =    {Dunod \'editeur, publi\'e avec le concours du CNRS},
  volume =       27,
  number =       1,
  year =         1986,
  pages =        {81-83},
  zbl =          {0592.18002},
  mrnumber =     845410,
  language =     {en},
  url =          {http://www.numdam.org/item/CTGDC_1986__27_1_81_0}
}

@inproceedings{scherer:2017,
  author =       {Scherer, Gabriel},
  title =        {Deciding Equivalence with Sums and the Empty Type},
  booktitle =    {Proceedings of the 44th ACM SIGPLAN Symposium on Principles of Programming
                  Languages},
  series =       {POPL 2017},
  year =         2017,
  isbn =         {978-1-4503-4660-3},
  doi =          {10.1145/3009837.3009901},
}

@unpublished{schreiber:2013,
  author =       {Schreiber, Urs},
  title =        {Differential cohomology in a cohesive infinity-topos},
  year =         2013,
  eprint =       {1310.7930},
}

@inproceedings{schreiber:2014,
  author =       {Urs Schreiber and Michael Shulman},
  editor =       {Ross Duncan and Prakash Panangaden},
  title =        {Quantum Gauge Field Theory in Cohesive Homotopy Type Theory},
  booktitle =    {Proceedings 9th Workshop on Quantum Physics and Logic, {QPL} 2012, Brussels,
                  Belgium, 10-12 October 2012},
  series =       {{EPTCS}},
  volume =       158,
  pages =        {109--126},
  year =         2012,
  url =          {https://doi.org/10.4204/EPTCS.158.8},
  doi =          {10.4204/EPTCS.158.8},
}

@book{sga:4,
  author = {Artin, Michael and Grothendieck, Alexander and Verdier, Jean-Louis},
  location = {Berlin},
  publisher = {Springer-Verlag},
  date = {1972},
  note = {S\'{e}minaire de G\'{e}om\'{e}trie Alg\'{e}brique du Bois-Marie 1963--1964 (SGA 4), Dirig\'{e} par M. Artin, A. Grothendieck, et J.-L. Verdier. Avec la collaboration de N. Bourbaki, P. Deligne et B. Saint-Donat, Lecture Notes in Mathematics, Vol. 269, 270, 305},
  title = {Th\'{e}orie des topos et cohomologie \'{e}tale des sch\'{e}mas},
}

@article{shulman:2015,
  title =        {Univalence for inverse diagrams and homotopy canonicity},
  author =       {Shulman, Michael},
  volume =       25,
  doi =          {10.1017/S0960129514000565},
  number =       5,
  journal =      {Mathematical Structures in Computer Science},
  eprint =       {1203.3253},
  year =         2015,
  pages =        {1203--1277},
}

@article{shulman:2018,
  author =       {Michael Shulman},
  title =        {Brouwer's fixed-point theorem in real-cohesive homotopy type theory},
  journal =      {Mathematical Structures in Computer Science},
  volume =       28,
  number =       6,
  pages =        {856--941},
  year =         2018,
  url =          {https://doi.org/10.1017/S0960129517000147},
  doi =          {10.1017/S0960129517000147},
}

@unpublished{sterling:2019,
  author =       {Jonathan Sterling},
  title =        {Algebraic Type Theory and Universe Hierarchies},
  year =         2019,
  eprint =       {1902.08848},
}

@inproceedings{streicher:1998,
  author =       {Streicher, Thomas},
  editor =       {Danvy, O. and Dybjer, P.},
  publisher =    {Department of Computer Science, Aarhus University},
  booktitle =    {Preliminary Proceedings of the {APPSEM} Workshop on Normalisation by Evaluation},
  year =         1998,
  title =        {Categorical intuitions underlying semantic normalisation proofs},
}

@misc{streicher:2018,
  title =        {Fibred Categories a la Jean Benabou},
  author =       {Thomas Streicher},
  year =         2018,
  eprint =       {1801.02927},
}

@article{tait:1967,
  title =        {Intensional {Interpretations} of {Functionals} of {Finite} {Type} {I}},
  volume =       32,
  number =       2,
  journal =      {Journal of Symbolic Logic},
  author =       {Tait, W. W.},
  year =         1967,
  pages =        {198--212},
  doi =          {10.2307/2271658}
}

@techreport{takeuti:2001,
  author =       "Takeuti, Izumi",
  title =        "The Theory of Parametricity in Lambda Cube",
  institution =  "Kyoto University",
  number =       1217,
  year =         2001,
}

@unpublished{taylor:1998,
  author =       {Taylor, Paul},
  year =         1998,
  title =        {Trace Factorisation of Stable Functors},
}

@book{taylor:1999,
  author =       {Taylor, Paul},
  location =     {Cambridge, New York (N. Y.), Melbourne},
  publisher =    {Cambridge University Press},
  year =         1999,
  isbn =         {0-521-63107-6},
  series =       {Cambridge studies in advanced mathematics},
  title =        {Practical Foundations of Mathematics},
}

@article{uemura:2019,
  author =       {Uemura, Taichi},
  title =        "A General Framework for the Semantics of Type Theory",
  year =         2019,
  month =        04,
  eprint =       {1904.04097},
  primaryClass = {math.CT},
  url =          {https://arxiv.org/abs/1904.04097}
}



@Unpublished{vakil:rising-sea,
  author =       {Vakil, Ravi},
  title =        {The Rising Sea: Foundations of Algebraic Geometry},
  note =         {Available from \url{http://math.stanford.edu/~vakil/216blog/}},
}

@book{vanoosten:2008,
  title =        {Realizability: An Introduction to its Categorical Side},
  author =       {van Oosten, Jaap},
  isbn =         9780080560069,
  series =       {ISSN},
  year =         2008,
  publisher =    {Elsevier Science}
}

@inproceedings{wadler:1989,
  author =       {Philip Wadler},
  title =        {Theorems for free!},
  booktitle =    {Functional Programming Languages and Computer Architecture},
  year =         1989,
  pages =        {347--359},
  publisher =    {ACM Press}
}

@article{weber:2007,
  title =        {Familial 2-functors and parametric right adjoints},
  author =       {Weber, Mark},
  year =         2007,
  volume =       18,
  pages =        {665--732},
  journal =      {Theory and Applications of Categories},
  issn =         {1201-561X},
  publisher =    {Mount Allison University},
  number =       22,
}

@misc{wellen:2018,
  title =        {Cartan Geometry in Modal Homotopy Type Theory},
  author =       {Felix Wellen},
  year =         2018,
  eprint =       {1806.05966},
  archivePrefix ={arXiv},
  primaryClass = {math.DG}
}

@article{wraith:1974,
  author = {Wraith, Gavin},
  url = {http://www.sciencedirect.com/science/article/pii/0022404974900140},
  date = {1974},
  doi = {https://doi.org/10.1016/0022-4049(74)90014-0},
  issn = {0022-4049},
  journaltitle = {Journal of Pure and Applied Algebra},
  number = {3},
  pages = {345--348},
  title = {Artin glueing},
  volume = {4},
}

@inproceedings{zwanziger:2019,
  author =       {Zwanziger, Colin},
  year =         2019,
  title =        {Natural Model Semantics for Comonadic and Adjoint Type Theory: Extended Abstract},
  booktitle =    {Preproceedings of Applied Category Theory Conference 2019},
}
